<record><leader>00000cas a22000007a 4500</leader><controlfield tag="001">1764777</controlfield><controlfield tag="008">751101d18911929mnuwr ne      0    0eng d</controlfield><datafield ind1=" " ind2=" " tag="010"><subfield code="a">sn 91059292 </subfield></datafield><datafield ind1=" " ind2=" " tag="040"><subfield code="a">MUL</subfield><subfield code="b">eng</subfield><subfield code="c">MUL</subfield><subfield code="d">MN#</subfield><subfield code="d">OCL</subfield><subfield code="d">OCLCQ</subfield><subfield code="d">OCLCF</subfield><subfield code="d">OCLCO</subfield></datafield><datafield ind1="1" ind2=" " tag="029"><subfield code="a">AU@</subfield><subfield code="b">000025891162</subfield></datafield><datafield ind1=" " ind2=" " tag="042"><subfield code="a">msc</subfield></datafield><datafield ind1=" " ind2=" " tag="043"><subfield code="a">n-us-mn</subfield></datafield><datafield ind1=" " ind2=" " tag="052"><subfield code="a">4144</subfield><subfield code="b">S25</subfield></datafield><datafield ind1=" " ind2=" " tag="052"><subfield code="a">4143</subfield><subfield code="b">W6</subfield></datafield><datafield ind1="0" ind2=" " tag="130"><subfield code="a">St. James plaindealer (Saint James, Minn. : 1891)</subfield></datafield><datafield ind1="0" ind2="0" tag="245"><subfield code="a">St. James plaindealer.</subfield></datafield><datafield ind1="3" ind2="0" tag="246"><subfield code="a">Saint James plain dealer</subfield></datafield><datafield ind1=" " ind2=" " tag="260"><subfield code="a">St. James, Minn. :</subfield><subfield code="b">C.W. Foote,</subfield><subfield code="c">1891-1929.</subfield></datafield><datafield ind1=" " ind2=" " tag="300"><subfield code="a">39 v.</subfield></datafield><datafield ind1=" " ind2=" " tag="310"><subfield code="a">Weekly</subfield></datafield><datafield ind1="0" ind2=" " tag="362"><subfield code="a">Vol. 1, no. 1 (Sept. 3, 1891)-v. 39, no. 5 (Jan. 30, 1929).</subfield></datafield><datafield ind1=" " ind2=" " tag="530"><subfield code="a">Available on microfilm from the Minnesota Historical Society.</subfield></datafield><datafield ind1=" " ind2="0" tag="651"><subfield code="a">Saint James (Minn.)</subfield><subfield code="v">Newspapers.</subfield></datafield><datafield ind1=" " ind2="7" tag="655"><subfield code="a">Newspapers.</subfield><subfield code="2">fast</subfield><subfield code="0">(OCoLC)fst01423814</subfield></datafield><datafield ind1=" " ind2="7" tag="651"><subfield code="a">Minnesota</subfield><subfield code="z">Saint James.</subfield><subfield code="2">fast</subfield><subfield code="0">(OCoLC)fst01220151</subfield></datafield><datafield ind1=" " ind2=" " tag="752"><subfield code="a">United States</subfield><subfield code="b">Minnesota</subfield><subfield code="c">Watonwan</subfield><subfield code="d">Saint James.</subfield></datafield><datafield ind1="0" ind2="5" tag="780"><subfield code="t">Journal-gazette (Saint James, Minn.)</subfield><subfield code="w">(DLC)sn 91059291</subfield></datafield><datafield ind1="0" ind2="7" tag="785"><subfield code="t">Watonwan County leader</subfield><subfield code="w">(DLC)sn 91059297</subfield></datafield><datafield ind1="0" ind2="7" tag="785"><subfield code="t">Watonwan County plaindealer</subfield><subfield code="w">(DLC)sn 91059293</subfield></datafield></record>